@string{ACL:01 = {Proceedings of the 39th {M}eeting of the 
                  {A}ssociation for {C}omputational {L}inguistics}}

@string{COLING:02 = {Proceedings of the 19th {I}nternational {C}onference on 
                     {C}omputational {L}inguistics}}


@article{Ben:Fli:Oe:02,
  author = {Emily~M. Bender and Dan Flickinger and Stephan Oepen},
  title = {The Grammar Matrix},
  journal = {Proceedings of COLING 2002 Workshop on Grammar Engineering and Evaluation},
  address = {Taipei, Taiwan},
  year = 2002
}

@book{Copestake:02,
  title = {Implementing Typed Feature Structure Grammars},
  author = {Ann Copestake}, 
  publisher = {CSLI},
  address = {Stanford, CA},
  year = 2002
}

@inproceedings{Cop:Las:Fli:01,
  author = {Ann Copestake and Alex Lascarides and Dan Flickinger},
  title = {An Algebra for Semantic Construction in Constraint-based Grammars},
  booktitle = ACL:01,
  address = {Toulouse, France},
  year = 2001
}

@article{Flickinger:00,
  author = {Dan Flickinger},
  title = {On Building a More Efficient Grammar by Exploiting Types},
  journal = {Natural Language Engineering},
  editor = {Flickinger, Dan and Oepen, Stephan and 
            Tsujii, J. and Uszkoreit, Hans},
  volume = {6 (1)},
  pages = {15$\,$--$\,$28},
  year = 2000
}

@incollection{Mue:Kap:00,
  author = {Stefan M{\"u}ller and Walter Kasper},
  booktitle = {Verbmobil.  {F}oundations of Speech-to-Speech Translation},
  title = {{HPSG} Analysis of {G}erman},
  publisher = {Springer},
  address = {Berlin, Germany},
  year = 2000,
  editor = {Wolfgang Wahlster},
  edition = {{AI}},
  pages = {238$\,$--$\,$253}
}

@inproceedings{Siegel:Bender:02,
  author = {Melanie Siegel and Emily M. Bender},
  title = {Efficient Deep Processing of {J}apanese},
  booktitle = COLING:02,
  address = {Taipei, Taiwan},
  year = 2002
}

@incollection{Siegel:00,
  author = {Siegel, Melanie},
  booktitle = {Verbmobil.  {F}oundations of Speech-to-Speech Translation},
  title = {{HPSG} Analysis of {J}apanese},
  publisher = {Springer},
  address = {Berlin, Germany},
  year = 2000,
  editor = {Wolfgang Wahlster},
  edition = {Artificial Intelligence},
  pages = {265$\,$--$\,$280}
}

@inproceedings{Kim:Dal:Kap:Kin:Mas:Ohk:03,
  author = {Kim, Roger and Dalrymple, Mary and Kaplan, Ronald~M. and
            King, Tracy Holloway and Masuichi, Hiroshi and Ohkuma, Tomoko},
  title = {Multlingual Grammar Development via Grammar Porting},
  year = {2003},
  booktitle = {Proceedings of the ESSLLI 2003 Workshop ``Ideas and
                Strategies for Multilingual Grammar Development''},
  editor = {Bender, Emily~M. and Flickinger, Dan and Fouvry, Frederik
             and Siegel, Melanie},
  pages = {49-56},
  address = {Vienna, Austria}
}  

@inproceedings{Butt-et-al-02,
  author = {Butt, Miriam and Dyvik, Helge and King, Tracy Holloway and
            Masuichi, H. and Rohrer, C.},
  title = {The Parallel Grammar Project},
  booktitle = {Proceedings of the Workshop on Grammar Engineering and
               Evaluation at the 19th International Conference on
               Computational Linguistics},
  editor = {Carroll, John and Oostdijk, Nelleke and Sutcliffe, Richard},
  pages = {1--7},
  year = 2002
}

@book{Chomsky81,
  author = {Chomsky, Noam},
  title = {Lectures on Government and Binding},
  publisher = {Foris},
  address = {Dordrecht},
  year = {1981},
}
				  
@book{Pol:Sag:94,
  author = {Carl Pollard and Ivan A. Sag},
  title = {{H}ead-{D}riven {P}hrase {S}tructure {G}rammar},
  year = 1994,
  publisher = {The Univeristy of Chicago Press and CSLI Publications},
  series = {Studies in Contemporary Linguistics},
  address = {Chicago, IL and Stanford, CA}
}

@article{Mithun:84,
  author = {Mithun, Marianne},
  title = {The Evolution of Noun Incorporation},
  year = 1984,
  journal = {Language},
  pages = {847--894}
}

@inproceedings{Fli:Ben:03,
  author = {Flickinger, Dan and Bender, Emily M.},
  title = {Compositional Semantics in a Multilingual Grammar Resource},
  booktitle = {Proceedings of the Workshop on Ideas and Strategies
               for Multilingual Grammar Development, ESSLLI 2003},
  editor = {Bender, Emily M. and Flickinger, Dan and Fouvry, Frederik
            and Siegel, Melanie},
  pages = {33--42},
  address = {Vienna, Austria},
  year = 2003
}
		  
@book{Sne:Wei:00,
  author = {Snell, Rupert and Weightman, Simon},
  title = {Hindi},
  publisher = {Teach Yourself Books},
  year = 2000
}

@book{Li*81,
  author = {Li, Charles N. and Thompson, Sandra A.},
  title = {{M}andarin {C}hinese: A Functional Reference Grammar},
  publisher = {University of California Press},
  address = {Berkeley, CA},
  year = {1981},
  project = {ba}
}

@book{Rice89,
  author = {Rice, Keren},
  title = {A Grammar of {S}lave},
  publisher = {Mouton de Gruyter},
  address = {Berlin},
  year = 1989
}

@book{Kim00,
  author = {Kim, Jong-Bok},
  title = {The Grammar of Negation: A Constraint-Based Approach},
  publisher = {CSLI},
  address = {Stanford, CA},
  year = {2000},
  project = {diss}
}

@article{Bat:Kru:Kru:ta,
  author = {Bateman, John~A. and Kruijff-Korbayov\'a, Ivana and 
            Kruijff, Geert-Jan},
  title = {Multilingual resource sharing across both related and
           unrelated languages: an implemented, open-source framework
           for practical natural language generation},
  journal = {Journal of Research on Language and Computation},
  year = {ip}
}









