@string{ACL:01 = {Proc. of the 39th {M}eeting of the 
                  {A}ssociation for {C}omputational {L}inguistics}}

@string{COLING:02 = {Proc. of the 19th {I}nternational {C}onference on 
                     {C}omputational {L}inguistics}}


@article{Ben:Fli:Oe:02,
  author = {E.M. Bender and D. Flickinger and S. Oepen},
  title = {The Grammar Matrix},
  journal = {COLING 2002 Workshop on Grammar Engineering and Evaluation},
  year = 2002
}

@book{Copestake:02,
  title = {Implementing Typed Feature Structure Grammars},
  author = {A. Copestake}, 
  publisher = {CSLI},
  address = {Stanford, CA},
  year = 2002
}

@inproceedings{Cop:Las:Fli:01,
  author = {A. Copestake and A. Lascarides and D. Flickinger},
  title = {An Algebra for Semantic Construction in Constraint-based Grammars},
  booktitle = {ACL 2001},
  year = 2001
}

@article{Flickinger:00,
  author = {D. Flickinger},
  title = {On Building a More Efficient Grammar by Exploiting Types},
  journal = {Natural Lang. Engineering},
  editor = {Flickinger, D. and Oepen, S. and 
            Tsujii, J. and Uszkoreit, H.},
  volume = {6 (1)},
  pages = {15$\,$--$\,$28},
  year = 2000
}

@incollection{Mue:Kap:00,
  author = {S. M{\"u}ller and W. Kasper},
  booktitle = {Verbmobil.  {F}oundations of Speech-to-Speech Translation},
  title = {{HPSG} Analysis of {G}erman},
  publisher = {Springer},
  address = {Berlin, Germany},
  year = 2000,
  editor = {W. Wahlster},
  pages = {238$\,$--$\,$253}
}

@inproceedings{Siegel:Bender:02,
  author = {M. Siegel and E.M. Bender},
  title = {Efficient Deep Processing of {J}apanese},
  booktitle = {Proc. of the 3rd Workshop on Asian Language Resources and International Standardization at COLING 2002},
  year = 2002
}

@incollection{Siegel:00,
  author = {Siegel, M.},
  booktitle = {Verbmobil.  {F}oundations of Speech-to-Speech Translation},
  title = {{HPSG} Analysis of {J}apanese},
  publisher = {Springer},
  address = {Berlin, Germany},
  year = 2000,
  editor = {W. Wahlster},
  pages = {265$\,$--$\,$280}
}

@inproceedings{Kim:Dal:Kap:Kin:Mas:Ohk:03,
  author = {Kim, R. and Dalrymple, M. and Kaplan, R.M. and
            King, T.H. and Masuichi, H. and Ohkuma, T.},
  title = {Multlingual Grammar Development via Grammar Porting},
  year = {2003},
  booktitle = {Proc. of the Workshop on Ideas and
                Strategies for Multilingual Grammar Development, ESSLLI 2003},
  pages = {49-56}
}  

@inproceedings{Butt-et-al-02,
  author = {Butt, M. and Dyvik, H. and King, T.H. and
            Masuichi, H. and Rohrer, C.},
  title = {The Parallel Grammar Project},
  booktitle = {COLING 2002 Workshop on Grammar Engineering and Evaluation},
  year = 2002
}

@book{Chomsky81,
  author = {Chomsky, N.},
  title = {Lectures on Government and Binding},
  publisher = {Foris},
  address = {Dordrecht},
  year = {1981},
}
				  
@book{Pol:Sag:94,
  author = {Carl P. and I.A. Sag},
  title = {{H}ead-{D}riven {P}hrase {S}tructure {G}rammar},
  year = 1994,
  publisher = {The Univeristy of Chicago Press},
  address = {Chicago, IL}
}

@article{Mithun:84,
  author = {Mithun, M.},
  title = {The Evolution of Noun Incorporation},
  year = 1984,
  journal = {Language},
  volume = 60,
  number = 4,
  pages = {847--894}
}

@inproceedings{Fli:Ben:03,
  author = {Flickinger, D. and Bender, E.M.},
  title = {Compositional Semantics in a Multilingual Grammar Resource},
  booktitle = {Proc. of the Workshop on Ideas and Strategies
               for Multilingual Grammar Development, ESSLLI 2003},
  pages = {33--42},
  year = 2003
}
		  
@book{Sne:Wei:00,
  author = {Snell, R. and Weightman, S.},
  title = {Hindi},
  publisher = {Teach Yourself Books},
  year = 2000
}

@book{Li*81,
  author = {Li, C.N. and Thompson, S.A.},
  title = {{M}andarin {C}hinese: A Functional Reference Grammar},
  publisher = {University of California Press},
  address = {Berkeley, CA},
  year = {1981},
  project = {ba}
}

@book{Rice89,
  author = {Rice, K.},
  title = {A Grammar of {S}lave},
  publisher = {Mouton de Gruyter},
  address = {Berlin},
  year = 1989
}

@book{Kim00,
  author = {Kim, J.},
  title = {The Grammar of Negation: A Constraint-Based Approach},
  publisher = {CSLI},
  address = {Stanford, CA},
  year = {2000},
  project = {diss}
}

@article{Bat:Kru:Kru:ta,
  author = {Bateman, J.A. and Kruijff-Korbayov\'a, I. and 
            Kruijff, G.-J.},
  title = {Multilingual resource sharing across both related and
           unrelated languages: an implemented, open-source framework
           for practical natural language generation},
  journal = {Res. on Lang. and Computation},
  year = {ip}
}

@techreport{Hinrichs:etal:97,
        number = {95},
        year = {1997},
        location = {priv},
        title = {Ein {HPSG}-{F}ragement des {D}eutschen},
        type = {{A}rbeitspapiere des {S}onderforschungsbereichs 340, 
                {B}ericht {N}r.},
        author = {Hinrichs, E.and Meurers, W.D. and 
                  Richter, F. and Sailer, M. and Winhart, H.}
}

@techreport{Keselj:01,
        author = {V. Ke{\v{s}}elj},
        number = {{CS-2001-05}},
        title = {Modular {HPSG}},
        year = {2001},
        address = {Waterloo, Ont., Canada},
        institution = {Department of Computer Science, University of Waterloo},
}

@inproceedings{Theofilidis:etal:97,
        author = {A. Theofilidis and P. Schmidt and T. Declerck},
        booktitle = {Proc. of the DGFS/CL},
        title = {Grammar Modularization for Efficient Processing: 
                 Language Engineering Devices and Their Instantiations},
        year = {1997}
}

@inproceedings{Kasper:Krieger:96,
  author    = "W. Kasper and H.-U. Krieger",
  title     = "Modularizing Codescriptive Grammars for Efficient Parsing",
  pages = {628-633},
  BOOKTITLE = {COLING 1996},
  YEAR = {1996},
}

@inproceedings{Kor:Neu:2003,
  author = {Kordoni, V. and Neu, J.},
  title = {Deep Gramamr Development for {M}odern {G}reek},
  booktitle = {Proc. of the Workshop on Ideas and Strategies for
                Multilingual Grammar Development, ESSLLI 2003},
  pages = {65--72},
  year = 2003
}

@inproceedings{Hel:Hau:03,
  author = {Hellan, L. and Haugereid, P.},
  title = {NorSource: An Exercise in Matrix Grammar-Building Design},
  booktitle = {Proc. of the Workshop on Ideas and Strategies for
                Multilingual Grammar Development, ESSLLI 2003},
  pages = {41--48},
  year = 2003
}

@article{Crysmannip,
  author = {Crysmann, B.},
  title = {Relative Clause Extraposition in German: An Efficient and Portable
Implementation},
  journal = {Research on Lang. and Computation},
  year = {ip}
}

@article{Callmeier:00,
  author = {U. Callmeier},
  title = {{PET} --- {A} Platform for Experimentation with Efficient 
           {HPSG} Processing Techniques},
  journal = {Natural Lang. Engineering},
  editor = {Flickinger, D. and Oepen, S. and 
            Tsujii, J. and Uszkoreit, H.},
  volume = {6 (1)},
  pages = {99$\,$--$\,$108},
  year = 2000
}

@book{Sag:Was:Ben:03,
  author = {Sag, I.A. and Wasow, T. and Bender, E.M.},
  title = {Synactic Theory: A Formal Introduction},
  publisher = {CSLI},
  address = {Stanford, CA},
  year = {2003},
  edition = {2nd}
}
				  
@inproceedings{Ben:Goo:05,
  author = {Bender, E.M. and Good, J.},
  title = {Implementation for Discovery: A Bipartite Lexicon to Support Morphological and Syntactic Analysis},
  booktitle = {CLS 41},
  year = {ip},
}

@inproceedings{Dre:Ben:05,
  author = {Drellishak, S. and Bender, E.M.},
  title = {Coordination Modules for a Crosslinguistic Grammar Resource},
  booktitle = {Proc. of HPSG 2005},
  year = {ta}
} 
