%% This BibTeX bibliography file was created using BibDesk.
%% http://bibdesk.sourceforge.net/


%% Created for lo at 2007-05-05 12:01:20 -0700 


%% Saved with string encoding Western (ASCII) 



@mastersthesis{Poul:06,
	Author = {Laurie Poulson},
	Date-Added = {2007-05-05 11:55:29 -0700},
	Date-Modified = {2007-05-05 12:01:02 -0700},
	School = {University of Washington},
	Title = {Evaluating a cross-linguistic grammar model: Methodology and gold-standard resource development},
	Year = {2006}}

@unpublished{Hale81,
	Author = {Hale, Kenneth},
	Note = {Distributed by Indiana University Linguistics Club, Bloomington},
	Title = {On the position of {W}arlpiri in the typology of the base},
	Year = 1981}

@article{Oep:Fli:98,
	Author = {Stephan Oepen and Daniel P. Flickinger},
	Editor = {Robert Gaizauskas},
	Journal = {Journal of Computer Speech and Language},
	Pages = {411$\,$--$\,$436},
	Title = {Towards Systematic Grammar Profiling. {T}est Suite Technology Ten Years After},
	Volume = {12 (4) (Special Issue on Evaluation)},
	Year = 1998}

@phdthesis{Oepen:02,
  author = {Oepen, Stephan},
  title = {Competence and Performance Profiling for Constraint-based Grammars: A New Methodology, Toolkit, and Applications},
  year = 2002,
  school = {Universit{\"a}t des Saarlandes}
}

@techreport{Oepen:01,
	Author = {Stephan Oepen},
	Institution = {Universit{\"a}t des Saarlandes, Germany},
	Title = {{\sf \lbrack incr tsdb()\rbrack} --- {C}ompetence and Performance Laboratory. {U}ser Manual},
	Type = {Technical Report},
	Year = 2001}

@inproceedings{Oep:Ben:Cal:Fli:Sie:02,
	Author = {Oepen, Stephan and Bender, Emily M. and Callmeier, Ulrich and Flickinger, Dan and Siegel, Melanie},
	Booktitle = {Proc.\ Workshop on Grammar Engineering and Evaluation, COLING 2002},
	Title = {Parallel Distributed Grammar Engineering for Practical Applications},
	Year = 2002}

@book{Oep:Fli:Tsu:02,
	Editor = {Stephan Oepen and Daniel Flickinger and J. Tsujii and Hans Uszkoreit},
	Publisher = {CSLI},
	Title = {Collaborative Language Engineering. {A} Case Study in Efficient Grammar-based Processing},
	Year = 2002}

@inproceedings{Ben:Fli:Oep:02,
	Author = {Bender, Emily M. and Flickinger, Dan and Oepen, Stephan},
	Booktitle = {Proc.\ the Workshop on Grammar Engineering and Evaluation COLING 2002},
	Pages = {8--14},
	Title = {The Grammar Matrix: An Open-Source Starter-Kit for the Rapid Development of Cross-Linguistically Consistent Broad-Coverage Precision Grammars},
	Year = {2002}}

@book{Ben:Sag:Was:03,
	Author = {Bender, Emily M. and Sag, Ivan A. and Wasow, Thomas},
	Publisher = {CSLI},
	Title = {Instructor's Manual for {\em Syntactic Theory: A Formal Introduction}},
	Url = {http://hpsg.stanford.edu/book/},
	Year = 2003}

@inproceedings{Ben:Fli:05,
	Author = {Bender, Emily M. and Flickinger, Dan},
	Booktitle = {Proc.\ IJCNLP-05 (Posters/Demos)},
	Title = {Rapid Prototyping of Scalable Grammars: Towards Modularity in Extensions to a Language-Independent Core},
	Year = 2005}

@inproceedings{Fli:Ben:03,
	Author = {Flickinger, Dan and Bender, Emily M.},
	Booktitle = {Proc.\ the Workshop on Ideas and Strategies for Multilingual Grammar Development, ESSLLI 2003},
	Pages = {33--42},
	Title = {Compositional Semantics in a Multilingual Grammar Resource},
	Year = 2003}

@book{Pol:Sag:94,
	Author = {Carl Pollard and Ivan A. Sag},
	Publisher = {The University of Chicago Press},
	Title = {{H}ead-{D}riven {P}hrase {S}tructure {G}rammar},
	Year = 1994}

@article{Cop:Fli:Pol:Sag:05,
	Author = {Copestake, Ann and Flickinger, Dan and Pollard, Carl and Sag, Ivan A.},
	Journal = {Research on Language \& Computation},
	Number = {2--3},
	Pages = {281--332},
	Title = {Minimal Recursion Semantics: An Introduction},
	Volume = {3},
	Year = {2005}}

@book{Sag:Was:Ben:03,
	Author = {Sag, Ivan A. and Wasow, Thomas and Bender, Emily M.},
	Edition = {2nd},
	Publisher = {CSLI},
	Title = {Syntactic Theory: A Formal Introduction},
	Year = {2003}}

@book{Copestake02,
	Author = {Copestake, Ann},
	Publisher = {CSLI},
	Title = {Implementing Typed Feature Structure Grammars},
	Year = {2002}}

@inproceedings{Hel:Hau:03,
	Author = {Hellan, Lars and Haugereid, Petter},
	Booktitle = {Proc.\ the Workshop on Ideas and Strategies for Multilingual Grammar Development, ESSLLI 2003},
	Pages = {41--48},
	Title = {Nor{S}ource: An Exercise in {M}atrix Grammar-Building Design},
	Year = 2003}

@incollection{Kor:Neu:05,
	Author = {Kordoni, Valia and Neu, Julia},
	Booktitle = {Lecture Notes in Computer Science},
	Editor = {Su, Keh-Yih and Tsujii, Jun'ichi and Lee, Jong-Hyeok},
	Pages = {674--683},
	Publisher = {Springer-Verlag},
	Title = {Deep Analysis of {M}odern {G}reek},
	Volume = {3248},
	Year = 2005}

@inproceedings{Dre:Ben:05,
	Author = {Scott Drellishak and Emily M. Bender},
	Booktitle = {The Proc.\ HPSG 2005},
	Editor = {Stefan M{\"u}ller},
	Pages = {108--128},
	Publisher = {CSLI},
	Title = {A Coordination Module for a Crosslinguistic Grammar Resource},
	Year = {2005}}

@incollection{But:Kin:03,
	Author = {Butt, Miriam and King, Tracy Holloway},
	Booktitle = {Handbook for Language Engineers},
	Editr = {Farghaly, Ali},
	Pages = {129--179},
	Publisher = {CSLI},
	Title = {Grammar Writing, Testing, and Evaluation},
	Year = 2003}

@inproceedings{Kin:Ram:03,
	Author = {Kinyon, Alexandra and Rambow, Owen},
	Booktitle = {Proc.\ 4th International Workshop on Linguistically Interpreted Corpora},
	Title = {The MetaGrammar: A Cross-Framework and Cross-Language Test-Suite Generation Tool},
	Year = 2003}

@inproceedings{Kin:Ram:Sch:Yoo:Jos:06,
	Author = {Kinyon, Alexandra and Rambow, Owen and Scheffler, Tatjana and Yoon, SinWon and Joshi, Aravind K.},
	Booktitle = {In Proc.\ (TAG+8)},
	Title = {The Metagrammar Goes Multilingual: A Cross-Linguistic Look at the {V}2-Phenomenon},
	Year = 2006}

@inproceedings{bro:00,
	Author = {Br\"oker, Norbert},
	Booktitle = {Proc.\ COLING 2000},
	Pages = {118-124},
	Title = {The Use of Instrumentation in Grammar Engineering},
	Year = 2000}

@techreport{arn:ron:fou:94,
	Author = {Doug Arnold and Martin Rondell and Frederik Fouvry},
	Institution = {University of Essex, UK},
	Number = {LRE 62-089 D-WP5},
	Title = {Design and Implementation of Test Suite Tools},
	Year = 1994}
